@article{len,
    author =       "Lesniewski, Andrew",
    title =        "nterest Rates and FX Models. New York: New York University",
    year =         "2013",
    url =          "http://lesniewski.us/presentations.html",
    keywords =     "physics"
}

@article{wys,
	author = "Wystup, Uwe and Reiswich, Demitry",
	title = "FX Volatility Smile Construction",
	year = "2010",
	journal = "CPQF Working Paper Series No. 20",
}
 
@book{baxter,
    title={Financial Calculus : An Introduction to Derivative Pricing},
    author={M, Baxter and A, Rennie},
    isbn={0521552893},
    series={International series of monographs on physics},
    year={1996},
    publisher={Cambridge University Press},
    keywords = {physics}
}

@book{hull,
	title      = {Options, Futures and Other Derivatives},
	author     = {C. Hull, John},
	isbn       = {8120328795},
	year       = {2015},
	publisher  = {Prentice Hall India}
}
 
@online{sec_listed,
	author    = "SEC",
    title     = "Fast Answers: Option Trading",
    url       = "https://www.sec.gov/answers/options.htm",
    keywords  = "options,listed"
}

@online{mexder,
	author = "Mexder",
	url = "http://www.mexder.com.mx/wb3/wb/MEX"
}

@online{pre_bs,
	author = "Benhamou, Eric",
	title = "Options pre-Black Scholes",
	url = "http://www.ericbenhamou.net/documents/Encyclo/Pre\%20Black- Scholes.pdf",
	year = "2005"
}

@article{black_scholes,
	author = "Black, Fischer and Scholes, Myron",
	title = "The Pricing of Options and Corporate Liabilities",
	journal = "Chicago Journals",
	year = "1973",
	volume = "81",
	number = "3".
}